<record><leader>00969cam a2200301 a 4500</leader><controlfield tag="001">1329126</controlfield><controlfield tag="008">901017s1985    nyu    j          1 eng d</controlfield><datafield ind1=" " ind2=" " tag="010"><subfield code="a">   84048342 /AC</subfield></datafield><datafield ind1=" " ind2=" " tag="020"><subfield code="a">0060231041</subfield><subfield code="z">006023105X (lib. bdg.)</subfield></datafield><datafield ind1=" " ind2=" " tag="035"><subfield code="a">ocm11518791</subfield></datafield><datafield ind1=" " ind2=" " tag="040"><subfield code="a">DLC</subfield><subfield code="b">eng</subfield><subfield code="c">DLC</subfield></datafield><datafield ind1=" " ind2=" " tag="049"><subfield code="a">AEU</subfield><subfield code="b">eng</subfield></datafield><datafield ind1="0" ind2="0" tag="050"><subfield code="a">PZ7.K46825</subfield><subfield code="b">Iac 1985</subfield></datafield><datafield ind1="0" ind2=" " tag="082"><subfield code="a">[Fic]</subfield><subfield code="2">19</subfield></datafield><datafield ind1="0" ind2=" " tag="090"><subfield code="a">PS 3561 E745 I114 1985</subfield></datafield><datafield ind1="1" ind2=" " tag="100"><subfield code="a">Kerr, M. E.</subfield></datafield><datafield ind1="1" ind2="0" tag="245"><subfield code="a">I stay near you :</subfield><subfield code="b">1 story in 3 /</subfield><subfield code="c">M.E. Kerr.</subfield></datafield><datafield ind1=" " ind2=" " tag="250"><subfield code="a">1st ed.</subfield></datafield><datafield ind1=" " ind2=" " tag="260"><subfield code="a">New York, N.Y. :</subfield><subfield code="b">Harper &amp; Row,</subfield><subfield code="c">c1985.</subfield></datafield><datafield ind1=" " ind2=" " tag="300"><subfield code="a">182 p. ;</subfield><subfield code="c">22 cm.</subfield></datafield><datafield ind1=" " ind2=" " tag="336"><subfield code="a">text</subfield><subfield code="b">txt</subfield><subfield code="2">rdacontent</subfield></datafield><datafield ind1=" " ind2=" " tag="337"><subfield code="a">unmediated</subfield><subfield code="b">n</subfield><subfield code="2">rdamedia</subfield></datafield><datafield ind1=" " ind2=" " tag="338"><subfield code="a">volume</subfield><subfield code="b">nc</subfield><subfield code="2">rdacarrier</subfield></datafield><datafield ind1=" " ind2=" " tag="500"><subfield code="a">"A Charlotte Zolotow book."</subfield></datafield><datafield ind1=" " ind2=" " tag="596"><subfield code="a">43</subfield></datafield><datafield ind1=" " ind2="0" tag="650"><subfield code="a">Families</subfield><subfield code="v">Juvenile fiction.</subfield></datafield><datafield ind1=" " ind2="0" tag="651"><subfield code="a">New York (State)</subfield><subfield code="v">Juvenile fiction.</subfield></datafield><datafield ind1=" " ind2=" " tag="926"><subfield code="a">PS 3561 E745 I114 1985</subfield><subfield code="w">LC</subfield><subfield code="c">1</subfield><subfield code="i">000034857573</subfield><subfield code="d">1/21/1998</subfield><subfield code="l">ON_SHELF</subfield><subfield code="m">UAHSS</subfield><subfield code="n">1</subfield><subfield code="p">$150.00</subfield><subfield code="r">Y</subfield><subfield code="s">Y</subfield><subfield code="t">BOOK</subfield><subfield code="u">11/7/1990</subfield></datafield></record>